@book{feedback,
	author = {Franklin, G. and Powell, J. and Emami-Naeini, Abbas},
	edition = {sixth},
	publisher = {Prentice Hall},
	title = {{Feedback Control of Dynamic Systems}},
	year = {2009}
}

@inproceedings{CDC2002,
	author    = "Roger Skjetne and Sonja Moi and Thor I. Fossen",
	title     = "Nonlinear Formation Control of Marine Craft",
	year      = "2002",
	publisher = "IEEE"
}
